@article{amiti2019impact,
  title={The impact of the 2018 tariffs on prices and welfare},
  author={Amiti, Mary and Redding, Stephen J and Weinstein, David E},
  journal={Journal of Economic Perspectives},
  volume={33},
  number={4},
  pages={187--210},
  year={2019}
}

@techreport{waugh2019consumption,
  title={The consumption response to trade shocks: Evidence from the US-China trade war},
  author={Waugh, Michael E},
  year={2019},
  institution={National Bureau of Economic Research}
}

@article{fajgelbaum2020return,
  title={The return to protectionism},
  author={Fajgelbaum, Pablo D and Goldberg, Pinelopi K and Kennedy, Patrick J and Khandelwal, Amit K},
  journal={The Quarterly Journal of Economics},
  volume={135},
  number={1},
  pages={1--55},
  year={2020},
  publisher={Oxford Academic}
}

@article{melitz2003impact,
  title={The impact of trade on intra-industry reallocations and aggregate industry productivity},
  author={Melitz, Marc J},
  journal={econometrica},
  volume={71},
  number={6},
  pages={1695--1725},
  year={2003},
  publisher={Wiley Online Library}
}

@article{melitz2012gains,
  title={Gains from trade when firms matter},
  author={Melitz, Marc J and Trefler, Daniel},
  journal={Journal of Economic Perspectives},
  volume={26},
  number={2},
  pages={91--118},
  year={2012}
}

@article{amiti2007trade,
  title={Trade liberalization, intermediate inputs, and productivity: Evidence from Indonesia},
  author={Amiti, Mary and Konings, Jozef},
  journal={American Economic Review},
  volume={97},
  number={5},
  pages={1611--1638},
  year={2007}
}

@article{krugman1987narrow,
  title={The narrow moving band, the Dutch disease, and the competitive consequences of Mrs. Thatcher: Notes on trade in the presence of dynamic scale economies},
  author={Krugman, Paul},
  journal={Journal of development Economics},
  volume={27},
  number={1-2},
  pages={41--55},
  year={1987},
  publisher={Elsevier}
}

@article{juhasz2018temporary,
  title={Temporary protection and technology adoption: Evidence from the napoleonic blockade},
  author={Juh{\'a}sz, R{\'e}ka},
  journal={American Economic Review},
  volume={108},
  number={11},
  pages={3339--76},
  year={2018}
}